############ ############ ############ ############ ############ ############ ############ ############ 




############ ############ ############ ############ ############ ############ ############ ############ ############
############ Advances in Paleoproteomic Methods
########## Lab related

#### SPIN
@article{ruther2022spin,
  title={SPIN enables high throughput species identification of archaeological bone by proteomics},
  author={R{\"u}ther, Patrick Leopold and Husic, Immanuel Mirnes and Bangsgaard, Pernille and Gregersen, Kristian Murphy and Pantmann, Pernille and Carvalho, Milena and Godinho, Ricardo Miguel and Friedl, Lukas and Cascalheira, Jo{\~a}o and Taurozzi, Alberto John and others},
  journal={Nature communications},
  volume={13},
  number={1},
  pages={1--14},
  year={2022},
  publisher={Nature Publishing Group}
}




#### Liams paper
@article{lanigan2020multi,
  title={Multi-protease analysis of Pleistocene bone proteomes},
  author={Lanigan, Liam T and Mackie, Meaghan and Feine, Susanne and Hublin, Jean-Jacques and Schmitz, Ralf W and Wilcke, Arndt and Collins, Matthew J and Cappellini, Enrico and Olsen, Jesper V and Taurozzi, Alberto J and others},
  journal={Journal of proteomics},
  volume={228},
  pages={103889},
  year={2020},
  publisher={Elsevier}
}



#####
@article{porto2011new,
  title={New techniques for the recovery of small amounts of mature enamel proteins},
  author={Porto, Isabel Maria and Laure, Helen Julie and de Sousa, Frederico Barbosa and Rosa, Jose Cesar and Gerlach, Raquel Fernanda},
  journal={Journal of Archaeological Science},
  volume={38},
  number={12},
  pages={3596--3604},
  year={2011},
  publisher={Elsevier}
}


###################################################################################################
#########
## Preservation of Proteins

@article{cappellini2014unlocking,
  title={Unlocking ancient protein palimpsests},
  author={Cappellini, Enrico and Collins, Matthew J and Gilbert, M Thomas P},
  journal={Science},
  volume={343},
  number={6177},
  pages={1320--1322},
  year={2014},
  publisher={American Association for the Advancement of Science}
}

@article{demarchi2016protein,
  title={Protein sequences bound to mineral surfaces persist into deep time},
  author={Demarchi, Beatrice and Hall, Shaun and Roncal-Herrero, Teresa and Freeman, Colin L and Woolley, Jos and Crisp, Molly K and Wilson, Julie and Fotakis, Anna and Fischer, Roman and Kessler, Benedikt M and others},
  journal={elife},
  volume={5},
  year={2016},
  publisher={eLife Sciences Publications, Ltd}
}

@article{hendy2021ancient,
  title={Ancient protein analysis in archaeology},
  author={Hendy, Jessica},
  journal={Science Advances},
  volume={7},
  number={3},
  pages={eabb9314},
  year={2021},
  publisher={American Association for the Advancement of Science}
}

@article{warinner2022_paleoproteomics,
  title={Paleoproteomics},
  author={Warinner, Christina and Korzow Richter, Kristine and Collins, Matthew J},
  journal={Chemical Reviews},
  year={2022},
  publisher={ACS Publications}
}











######################################################################################################
######## Paleo-protein Articles

@article{welker2017middle,
  title={Middle Pleistocene protein sequences from the rhinoceros genus Stephanorhinus and the phylogeny of extant and extinct Middle/Late Pleistocene Rhinocerotidae},
  author={Welker, Frido and Smith, Geoff M and Hutson, Jarod M and Kindler, Lutz and Garcia-Moreno, Alejandro and Villaluenga, Aritza and Turner, Elaine and Gaudzinski-Windheuser, Sabine},
  journal={PeerJ},
  volume={5},
  pages={e3033},
  year={2017},
  publisher={PeerJ Inc.}
}

@article{cappellini2019early,
  title={Early Pleistocene enamel proteome from Dmanisi resolves Stephanorhinus phylogeny},
  author={Cappellini, Enrico and Welker, Frido and Pandolfi, Luca and Ramos-Madrigal, Jazm{\'\i}n and Samodova, Diana and R{\"u}ther, Patrick L and Fotakis, Anna K and Lyon, David and Moreno-Mayar, J V{\'\i}ctor and Bukhsianidze, Maia and others},
  journal={Nature},
  volume={574},
  number={7776},
  pages={103--107},
  year={2019},
  publisher={Nature Publishing Group}
}

@article{welker2019enamel,
  title={Enamel proteome shows that Gigantopithecus was an early diverging pongine},
  author={Welker, Frido and Ramos-Madrigal, Jazm{\'\i}n and Kuhlwilm, Martin and Liao, Wei and Gutenbrunner, Petra and de Manuel, Marc and Samodova, Diana and Mackie, Meaghan and Allentoft, Morten E and Bacon, Anne-Marie and others},
  journal={Nature},
  volume={576},
  number={7786},
  pages={262--265},
  year={2019},
  publisher={Nature Publishing Group}
}

@article{welker2020dental,
  title={The dental proteome of Homo antecessor},
  author={Welker, Frido and Ramos-Madrigal, Jazm{\'\i}n and Gutenbrunner, Petra and Mackie, Meaghan and Tiwary, Shivani and Rakownikow Jersie-Christensen, Rosa and Chiva, Cristina and Dickinson, Marc R and Kuhlwilm, Martin and de Manuel, Marc and others},
  journal={Nature},
  volume={580},
  number={7802},
  pages={235--238},
  year={2020},
  publisher={Nature Publishing Group}
}

@article{buckley2015ancient,
  title={Ancient collagen reveals evolutionary history of the endemic South American ‘ungulates’},
  author={Buckley, Michael},
  journal={Proceedings of the Royal Society B: Biological Sciences},
  volume={282},
  number={1806},
  pages={20142671},
  year={2015},
  publisher={The Royal Society}
}

@article{buckley2019collagen,
  title={Collagen sequence analysis of fossil camels, Camelops and cf Paracamelus, from the Arctic and sub-Arctic of Plio-Pleistocene North America},
  author={Buckley, Michael and Lawless, Craig and Rybczynski, Natalia},
  journal={Journal of proteomics},
  volume={194},
  pages={218--225},
  year={2019},
  publisher={Elsevier}
}





##########################
########### Pipeline tools

@article{schubert2014characterization,
  title={Characterization of ancient and modern genomes by SNP detection and phylogenomic and metagenomic analysis using PALEOMIX},
  author={Schubert, Mikkel and Ermini, Luca and Sarkissian, Clio Der and J{\'o}nsson, H{\'a}kon and Ginolhac, Aur{\'e}lien and Schaefer, Robert and Martin, Michael D and Fern{\'a}ndez, Ruth and Kircher, Martin and McCue, Molly and others},
  journal={Nature protocols},
  volume={9},
  number={5},
  pages={1056--1082},
  year={2014},
  publisher={Nature Publishing Group}
}


@article{peltzer2016eager,
  title={EAGER: efficient ancient genome reconstruction},
  author={Peltzer, Alexander and J{\"a}ger, G{\"u}nter and Herbig, Alexander and Seitz, Alexander and Kniep, Christian and Krause, Johannes and Nieselt, Kay},
  journal={Genome biology},
  volume={17},
  number={1},
  pages={1--14},
  year={2016},
  publisher={BioMed Central}
}




############ ############ ############ ############ ############ ############ ############ ############ ############
### Contribution of pipelines to aDNA research



@article{lan2018technical,
  title={Technical advances and challenges in genome-scale analysis of ancient DNA},
  author={Lan, Tianying and Lindqvist, Charlotte},
  journal={Paleogenomics},
  pages={3--29},
  year={2018},
  publisher={Springer}
}




############ ############ ############ ############ ############ ############ ############ ############ ############
############ Protein Sequencing projects, or complains about the absence of! - Lack of Databases!

@article{muller2020proteome,
  title={The proteome landscape of the kingdoms of life},
  author={M{\"u}ller, Johannes B and Geyer, Philipp E and Cola{\c{c}}o, Ana R and Treit, Peter V and Strauss, Maximilian T and Oroshi, Mario and Doll, Sophia and Virreira Winter, Sebastian and Bader, Jakob M and K{\"o}hler, Niklas and others},
  journal={Nature},
  volume={582},
  number={7813},
  pages={592--596},
  year={2020},
  publisher={Nature Publishing Group}
}



#### Fur paper, complains/ explains what a lack of databases does

@article{brandt2022palaeoproteomics,
  title={Palaeoproteomics identifies beaver fur in Danish high-status Viking Age burials-direct evidence of fur trade},
  author={Brandt, Luise {\O}rsted and Taurozzi, Alberto J and Mackie, Meaghan and Sinding, Mikkel-Holger S and Vieira, Filipe Garrett and Schmidt, Anne Lisbeth and Rimstad, Charlotte and Collins, Matthew J and Mannering, Ulla},
  journal={Plos one},
  volume={17},
  number={7},
  pages={e0270040},
  year={2022},
  publisher={Public Library of Science San Francisco, CA USA}
}






############ ############ ############ ############ ############ ############ ############ ############ ############
############ Genomic large projects / datasets


@article{lewin2018earth,
  title={Earth BioGenome Project: Sequencing life for the future of life},
  author={Lewin, Harris A and Robinson, Gene E and Kress, W John and Baker, William J and Coddington, Jonathan and Crandall, Keith A and Durbin, Richard and Edwards, Scott V and Forest, F{\'e}lix and Gilbert, M Thomas P and others},
  journal={Proceedings of the National Academy of Sciences},
  volume={115},
  number={17},
  pages={4325--4333},
  year={2018},
  publisher={National Acad Sciences}
}

@article{byrskahigh,
  title={High Coverage Whole Genome Sequencing of the Expanded 1000 Genomes Project Cohort Including 602 Trios. bioRxiv. 2021},
  author={Byrska-Bishop, M and Evani, US and Zhao, X and Basile, AO and Abel, HJ and Regier, AA and Corvelo, A and Clarke, WE and Musunuri, R and Nagulapalli, K and others},
  journal={Publisher Full Text}
}

@article{prado2013great,
  title={Great ape genetic diversity and population history},
  author={Prado-Martinez, Javier and Sudmant, Peter H and Kidd, Jeffrey M and Li, Heng and Kelley, Joanna L and Lorente-Galdos, Belen and Veeramah, Krishna R and Woerner, August E and O’connor, Timothy D and Santpere, Gabriel and others},
  journal={Nature},
  volume={499},
  number={7459},
  pages={471--475},
  year={2013},
  publisher={Nature Publishing Group}
}

@article{zhang2014comparative,
  title={Comparative genomics reveals insights into avian genome evolution and adaptation},
  author={Zhang, Guojie and Li, Cai and Li, Qiye and Li, Bo and Larkin, Denis M and Lee, Chul and Storz, Jay F and Antunes, Agostinho and Greenwold, Matthew J and Meredith, Robert W and others},
  journal={Science},
  volume={346},
  number={6215},
  pages={1311--1320},
  year={2014},
  publisher={American Association for the Advancement of Science}
}

@article{koepfli2015genome,
  title={The Genome 10K Project: a way forward},
  author={Koepfli, Klaus-Peter and Paten, Benedict and Genome 10K Community of Scientists and O’Brien, Stephen J},
  journal={Annu. Rev. Anim. Biosci.},
  volume={3},
  number={1},
  pages={57--111},
  year={2015},
  publisher={Annual Reviews}
}







############ ############ ############ ############ ############ ############ ############ ############ ############
############ Problems with Databases

@article{bagheri2020detecting,
  title={Detecting and correcting misclassified sequences in the large-scale public databases},
  author={Bagheri, Hamid and Severin, Andrew J and Rajan, Hridesh},
  journal={Bioinformatics},
  volume={36},
  number={18},
  pages={4699--4705},
  year={2020},
  publisher={Oxford University Press}
}



############# Taxon Sampling

@article{rosenberg2003taxon,
  title={Taxon sampling, bioinformatics, and phylogenomics},
  author={Rosenberg, Michael S and Kumar, Sudhir},
  journal={Systematic Biology},
  volume={52},
  number={1},
  pages={119},
  year={2003},
  publisher={NIH Public Access}
}

@article{heath2008taxon,
  title={Taxon sampling and the accuracy of phylogenetic analyses},
  author={Heath, Tracy A and Hedtke, Shannon M and Hillis, David M},
  journal={Journal of systematics and evolution},
  volume={46},
  number={3},
  pages={239--257},
  year={2008},
  publisher={Citeseer}
}

















############ ############ ############ ############ ############ ############ ############ ############ ############
############ Problems with protein trees


### General Phyloproteomics
@article{opperdoes2003phylogenetic,
  title={Phylogenetic analysis using protein sequences},
  author={Opperdoes, Fred R},
  journal={The phylogenetics handbook a practical approach to DNA and protein phylogeny},
  pages={207--235},
  year={2003},
  publisher={Cambridge University Press Cambridge}
}


### Sloths
@article{presslee2019data,
  title={Data from: Palaeoproteomics resolves sloth phylogeny},
  author={Presslee, Samantha and Slater, Graham J and Pujos, Francois and Forasiepi, Analia M and Fischer, Roman and Molloy, Kelly and Mackie, Meaghan and Olsen, Jesper V and Kramarz, Alejandro and Taglioretti, Matias and others},
  year={2019}
}


#### Eggshell

@article{demarchi2022ancient,
  title={Ancient proteins resolve controversy over the identity of Genyornis eggshell},
  author={Demarchi, Beatrice and Stiller, Josefin and Grealy, Alicia and Mackie, Meaghan and Deng, Yuan and Gilbert, Tom and Clarke, Julia and Legendre, Lucas J and Boano, Rosa and Sicheritz-Pont{\'e}n, Thomas and others},
  journal={Proceedings of the National Academy of Sciences},
  pages={e2109326119},
  year={2022},
  publisher={National Acad Sciences}
}

### Denisovan mandable

@article{chen2019late,
  title={A late middle Pleistocene Denisovan mandible from the Tibetan Plateau},
  author={Chen, Fahu and Welker, Frido and Shen, Chuan-Chou and Bailey, Shara E and Bergmann, Inga and Davis, Simon and Xia, Huan and Wang, Hui and Fischer, Roman and Freidline, Sarah E and others},
  journal={nature},
  volume={569},
  number={7756},
  pages={409--412},
  year={2019},
  publisher={Nature Publishing Group}
}




















############ ############ ############ ############ ############ ############ ############ ############ ############
############ Basic Bio informatics Articles

#### BAM format
@article{li2009sequence,
  title={The sequence alignment/map format and SAMtools},
  author={Li, Heng and Handsaker, Bob and Wysoker, Alec and Fennell, Tim and Ruan, Jue and Homer, Nils and Marth, Gabor and Abecasis, Goncalo and Durbin, Richard},
  journal={Bioinformatics},
  volume={25},
  number={16},
  pages={2078--2079},
  year={2009},
  publisher={Oxford University Press}
}

#### CRAM Format
@article{bonfield2022cram,
  title={CRAM 3.1: advances in the CRAM file format},
  author={Bonfield, James K},
  journal={Bioinformatics},
  volume={38},
  number={6},
  pages={1497--1503},
  year={2022},
  publisher={Oxford University Press}
}


###### VCF Format
@article{danecek2011variant,
  title={The variant call format and VCFtools},
  author={Danecek, Petr and Auton, Adam and Abecasis, Goncalo and Albers, Cornelis A and Banks, Eric and DePristo, Mark A and Handsaker, Robert E and Lunter, Gerton and Marth, Gabor T and Sherry, Stephen T and others},
  journal={Bioinformatics},
  volume={27},
  number={15},
  pages={2156--2158},
  year={2011},
  publisher={Oxford University Press}
}

#### The FASTA format
@article{lipman1985rapid,
  title={Rapid and sensitive protein similarity searches},
  author={Lipman, David J and Pearson, William R},
  journal={Science},
  volume={227},
  number={4693},
  pages={1435--1441},
  year={1985},
  publisher={American Association for the Advancement of Science}
}







######## ######## ######## ######## ######## ######## ######## 
######## MS Software That Can use a Fasta Ref dataset


########## Informatics related
###

## Maxquant
@article{cox2008maxquant,
  title={MaxQuant enables high peptide identification rates, individualized ppb-range mass accuracies and proteome-wide protein quantification},
  author={Cox, J{\"u}rgen and Mann, Matthias},
  journal={Nature biotechnology},
  volume={26},
  number={12},
  pages={1367--1372},
  year={2008},
  publisher={Nature Publishing Group}
}



@article{demichev2018dia,
  title={DIA-NN: Neural networks and interference correction enable deep coverage in high-throughput proteomics},
  author={Demichev, Vadim and Messner, Christoph B and Vernardis, Spyros I and Lilley, Kathryn S and Ralser, Markus},
  journal={bioRxiv},
  pages={282699},
  year={2018},
  publisher={Cold Spring Harbor Laboratory}
}

@article{kong2017msfragger,
  title={MSFragger: ultrafast and comprehensive peptide identification in mass spectrometry--based proteomics},
  author={Kong, Andy T and Leprevost, Felipe V and Avtonomov, Dmitry M and Mellacheruvu, Dattatreya and Nesvizhskii, Alexey I},
  journal={Nature methods},
  volume={14},
  number={5},
  pages={513--520},
  year={2017},
  publisher={Nature Publishing Group}
}

@article{solntsev2018enhanced,
  title={Enhanced global post-translational modification discovery with MetaMorpheus},
  author={Solntsev, Stefan K and Shortreed, Michael R and Frey, Brian L and Smith, Lloyd M},
  journal={Journal of proteome research},
  volume={17},
  number={5},
  pages={1844--1851},
  year={2018},
  publisher={ACS Publications}
}

@article{chi2018open,
  title={Open-pFind enables precise, comprehensive and rapid peptide identification in shotgun proteomics},
  author={Chi, Hao and Liu, Chao and Yang, Hao and Zeng, Wen-Feng and Wu, Long and Zhou, Wen-Jing and Niu, Xiu-Nan and Ding, Yue-He and Zhang, Yao and Wang, Rui-Min and others},
  journal={BioRxiv},
  pages={285395},
  year={2018},
  publisher={Cold Spring Harbor Laboratory}
}

@article{ma2003peaks,
  title={PEAKS: powerful software for peptide de novo sequencing by tandem mass spectrometry},
  author={Ma, Bin and Zhang, Kaizhong and Hendrie, Christopher and Liang, Chengzhi and Li, Ming and Doherty-Kirby, Amanda and Lajoie, Gilles},
  journal={Rapid communications in mass spectrometry},
  volume={17},
  number={20},
  pages={2337--2342},
  year={2003},
  publisher={Wiley Online Library}
}

@article{perkins1999probability,
  title={Probability-based protein identification by searching sequence databases using mass spectrometry data},
  author={Perkins, David N and Pappin, Darryl JC and Creasy, David M and Cottrell, John S},
  journal={ELECTROPHORESIS: An International Journal},
  volume={20},
  number={18},
  pages={3551--3567},
  year={1999},
  publisher={Wiley Online Library}
}



















############ ############ ############ ############ ############ ############ ############ ############ ############
############ Advanced Bioinformatic Tools




###########################################
############### Tools used by OUR pipeline


#### Ensembl API
@article{yates2015ensembl,
  title={The Ensembl REST API: Ensembl data for any language},
  author={Yates, Andrew and Beal, Kathryn and Keenan, Stephen and McLaren, William and Pignatelli, Miguel and Ritchie, Graham RS and Ruffier, Magali and Taylor, Kieron and Vullo, Alessandro and Flicek, Paul},
  journal={Bioinformatics},
  volume={31},
  number={1},
  pages={143--145},
  year={2015},
  publisher={Oxford University Press}
}

#### Conda
@misc{anaconda,
  title={Anaconda Software Distribution},
  url={https://docs.anaconda.com/},
  journal={Anaconda Documentation},
  version={Vers. 2-2.4.0}, 
  publisher={Anaconda Inc.},
  year={2020}
}

#### Snakemake
@article{molder2021sustainable,
  title={Sustainable data analysis with Snakemake},
  author={M{\"o}lder, Felix and Jablonski, Kim Philipp and Letcher, Brice and Hall, Michael B and Tomkins-Tinch, Christopher H and Sochat, Vanessa and Forster, Jan and Lee, Soohyun and Twardziok, Sven O and Kanitz, Alexander and others},
  journal={F1000Research},
  volume={10},
  year={2021},
  publisher={Faculty of 1000 Ltd}
}

###### Mafft
@article{katoh2013mafft,
  title={MAFFT multiple sequence alignment software version 7: improvements in performance and usability},
  author={Katoh, Kazutaka and Standley, Daron M},
  journal={Molecular biology and evolution},
  volume={30},
  number={4},
  pages={772--780},
  year={2013},
  publisher={Society for Molecular Biology and Evolution}
}


##### MrBayes

@article{huelsenbeck2001mrbayes,
  title={MRBAYES: Bayesian inference of phylogenetic trees},
  author={Huelsenbeck, John P and Ronquist, Fredrik},
  journal={Bioinformatics},
  volume={17},
  number={8},
  pages={754--755},
  year={2001},
  publisher={Oxford University Press}
}

#### PhyML

@article{guindon2010new,
  title={New algorithms and methods to estimate maximum-likelihood phylogenies: assessing the performance of PhyML 3.0},
  author={Guindon, St{\'e}phane and Dufayard, Jean-Fran{\c{c}}ois and Lefort, Vincent and Anisimova, Maria and Hordijk, Wim and Gascuel, Olivier},
  journal={Systematic biology},
  volume={59},
  number={3},
  pages={307--321},
  year={2010},
  publisher={Oxford University Press}
}


#### MPIrun

@manual{mpi40,
    author = "{Message Passing Interface Forum}",
    title  = "{MPI}: A Message-Passing Interface Standard Version 4.0",
    url    = "https://www.mpi-forum.org/docs/mpi-4.0/mpi40-report.pdf",
    year   = 2021,
    month  = jun
}


##### BLAST+

@article{camacho2009blast+,
  title={BLAST+: architecture and applications},
  author={Camacho, Christiam and Coulouris, George and Avagyan, Vahram and Ma, Ning and Papadopoulos, Jason and Bealer, Kevin and Madden, Thomas L},
  journal={BMC bioinformatics},
  volume={10},
  number={1},
  pages={1--9},
  year={2009},
  publisher={Springer}
}
















############ ############ ############ ############ ############ ############ ############ ############ ############
############ Papers on Phylogenies



@article{nabhan2012impact,
  title={The impact of taxon sampling on phylogenetic inference: a review of two decades of controversy},
  author={Nabhan, Ahmed Ragab and Sarkar, Indra Neil},
  journal={Briefings in bioinformatics},
  volume={13},
  number={1},
  pages={122--134},
  year={2012},
  publisher={Oxford University Press}
}

### ML phylogenies

@article{felsenstein1981evolutionary,
  title={Evolutionary trees from DNA sequences: a maximum likelihood approach},
  author={Felsenstein, Joseph},
  journal={Journal of molecular evolution},
  volume={17},
  number={6},
  pages={368--376},
  year={1981},
  publisher={Springer}
}

### Bayesian Trees

@article{rannala1996probability,
  title={Probability distribution of molecular evolutionary trees: a new method of phylogenetic inference},
  author={Rannala, Bruce and Yang, Ziheng},
  journal={Journal of molecular evolution},
  volume={43},
  number={3},
  pages={304--311},
  year={1996},
  publisher={Springer}
}

@article{mau1997phylogenetic,
  title={Phylogenetic inference for binary data on dendograms using Markov chain Monte Carlo},
  author={Mau, Bob and Newton, Michael A},
  journal={Journal of Computational and Graphical Statistics},
  volume={6},
  number={1},
  pages={122--131},
  year={1997},
  publisher={Taylor & Francis}
}

















############ ############ ############ ############ ############ ############ ############ ############ ############
############ ############ ############ ############ ############ ############ ############ ############ ############
############ Papers for Protein List



@article{castiblanco2015identification,
  title={Identification of proteins from human permanent erupted enamel},
  author={Castiblanco, Gina A and Rutishauser, Dorothea and Ilag, Leopold L and Martignon, Stefania and Castellanos, Jaime E and Mej{\'\i}a, Wilson},
  journal={European journal of oral sciences},
  volume={123},
  number={6},
  pages={390--395},
  year={2015},
  publisher={Wiley Online Library}
}

@article{alves2011unraveling,
  title={Unraveling the human bone microenvironment beyond the classical extracellular matrix proteins: a human bone protein library},
  author={Alves, Rodrigo DAM and Demmers, Jeroen AA and Bezstarosti, Karel and van der Eerden, Bram CJ and Verhaar, Jan AN and Eijken, Marco and van Leeuwen, Johannes PTM},
  journal={Journal of proteome research},
  volume={10},
  number={10},
  pages={4725--4733},
  year={2011},
  publisher={ACS Publications}
}

@article{acil2005detection,
  title={Detection of mature collagen in human dental enamel},
  author={Acil, Yahya and Mobasseri, Ali E and Warnke, Patrick H and Terheyden, Hendrik and Wiltfang, J{\"o}rg and Springer, Ingo},
  journal={Calcified tissue international},
  volume={76},
  number={2},
  pages={121--126},
  year={2005},
  publisher={Springer}
}

@article{salmon2016global,
  title={Global proteome profiling of dental cementum under experimentally-induced apposition},
  author={Salmon, Cristiane R and Giorgetti, Ana Paula O and Leme, Adriana Franco Paes and Domingues, Rom{\^e}nia R and Sallum, Enilson Antonio and Alves, Marcelo C and Kolli, Tamara N and Foster, Brian L and Nociti Jr, Francisco H},
  journal={Journal of proteomics},
  volume={141},
  pages={12--23},
  year={2016},
  publisher={Elsevier}
}

@article{jagr2012comprehensive,
  title={Comprehensive proteomic analysis of human dentin},
  author={J{\'a}gr, Michal and Eckhardt, Adam and Pataridis, Statis and Mik{\v{s}}{\'\i}k, Ivan},
  journal={European journal of oral sciences},
  volume={120},
  number={4},
  pages={259--268},
  year={2012},
  publisher={Wiley Online Library}
}

@article{park2009proteomics,
  title={Proteomics analysis of human dentin reveals distinct protein expression profiles},
  author={Park, Eun-Sung and Cho, Hye-Sim and Kwon, Tae-Geon and Jang, Sin-Nam and Lee, Sang-Han and An, Chang-Hyeon and Shin, Hong-In and Kim, Jae-Young and Cho, Je-Yoel},
  journal={Journal of proteome research},
  volume={8},
  number={3},
  pages={1338--1346},
  year={2009},
  publisher={ACS Publications}
}











######################################################################################################################################################################################################################################
############# Papers for Translation (Genomes)

############## GRCh38 REF

@article{schneider2017evaluation,
  title={Evaluation of GRCh38 and de novo haploid genome assemblies demonstrates the enduring quality of the reference assembly},
  author={Schneider, Valerie A and Graves-Lindsay, Tina and Howe, Kerstin and Bouk, Nathan and Chen, Hsiu-Chuan and Kitts, Paul A and Murphy, Terence D and Pruitt, Kim D and Thibaud-Nissen, Fran{\c{c}}oise and Albracht, Derek and others},
  journal={Genome research},
  volume={27},
  number={5},
  pages={849--864},
  year={2017},
  publisher={Cold Spring Harbor Lab}
}
################## GRCh37

@article{church2011modernizing,
  title={Modernizing reference genome assemblies},
  author={Church, Deanna M and Schneider, Valerie A and Graves, Tina and Auger, Katherine and Cunningham, Fiona and Bouk, Nathan and Chen, Hsiu-Chuan and Agarwala, Richa and McLaren, William M and Ritchie, Graham RS and others},
  journal={PLoS biology},
  volume={9},
  number={7},
  pages={e1001091},
  year={2011},
  publisher={Public Library of Science San Francisco, USA}
}

#### 1K genomes resequenced to high coverage

@article{byrskahigh,
  title={High Coverage Whole Genome Sequencing of the Expanded 1000 Genomes Project Cohort Including 602 Trios. bioRxiv. 2021},
  author={Byrska-Bishop, M and Evani, US and Zhao, X and Basile, AO and Abel, HJ and Regier, AA and Corvelo, A and Clarke, WE and Musunuri, R and Nagulapalli, K and others},
  journal={Publisher Full Text}
}


############# Great Apes Genome Project

@article{prado2013great,
  title={Great ape genetic diversity and population history},
  author={Prado-Martinez, Javier and Sudmant, Peter H and Kidd, Jeffrey M and Li, Heng and Kelley, Joanna L and Lorente-Galdos, Belen and Veeramah, Krishna R and Woerner, August E and O’connor, Timothy D and Santpere, Gabriel and others},
  journal={Nature},
  volume={499},
  number={7459},
  pages={471--475},
  year={2013},
  publisher={Nature Publishing Group}
}



############## Pongo Paper

@article{nater2017morphometric,
  title={Morphometric, behavioral, and genomic evidence for a new orangutan species},
  author={Nater, Alexander and Mattle-Greminger, Maja P and Nurcahyo, Anton and Nowak, Matthew G and De Manuel, Marc and Desai, Tariq and Groves, Colin and Pybus, Marc and Sonay, Tugce Bilgin and Roos, Christian and others},
  journal={Current Biology},
  volume={27},
  number={22},
  pages={3487--3498},
  year={2017},
  publisher={Elsevier}
}


####### aDNA papers

@article{prufer2017high,
  title={A high-coverage Neandertal genome from Vindija Cave in Croatia},
  author={Pr{\"u}fer, Kay and De Filippo, Cesare and Grote, Steffi and Mafessoni, Fabrizio and Korlevi{\'c}, Petra and Hajdinjak, Mateja and Vernot, Benjamin and Skov, Laurits and Hsieh, Pinghsun and Peyr{\'e}gne, St{\'e}phane and others},
  journal={Science},
  volume={358},
  number={6363},
  pages={655--658},
  year={2017},
  publisher={American Association for the Advancement of Science}
}

@article{mafessoni2020high,
  title={A high-coverage Neandertal genome from Chagyrskaya Cave},
  author={Mafessoni, Fabrizio and Grote, Steffi and de Filippo, Cesare and Slon, Viviane and Kolobova, Kseniya A and Viola, Bence and Markin, Sergey V and Chintalapati, Manjusha and Peyr{\'e}gne, Stephane and Skov, Laurits and others},
  journal={Proceedings of the National Academy of Sciences},
  volume={117},
  number={26},
  pages={15132--15136},
  year={2020},
  publisher={National Acad Sciences}
}


############################################################
############### Tools used by OUR pipeline, Supplementary



##SAMTOOLS

@article{li2009sequence,
  title={The sequence alignment/map format and SAMtools},
  author={Li, Heng and Handsaker, Bob and Wysoker, Alec and Fennell, Tim and Ruan, Jue and Homer, Nils and Marth, Gabor and Abecasis, Goncalo and Durbin, Richard},
  journal={Bioinformatics},
  volume={25},
  number={16},
  pages={2078--2079},
  year={2009},
  publisher={Oxford University Press}
}

### BCFTOOLS

@article{li2011statistical,
  title={A statistical framework for SNP calling, mutation discovery, association mapping and population genetical parameter estimation from sequencing data},
  author={Li, Heng},
  journal={Bioinformatics},
  volume={27},
  number={21},
  pages={2987--2993},
  year={2011},
  publisher={Oxford University Press}
}

####BLAST

@book{national2008blast,
  title={BLAST (r) Command Line Applications User Manual},
  author={National Center for Biotechnology Information (US) and Camacho, Christiam},
  year={2008},
  publisher={National Center for Biotechnology Information (US)}
}

#### ANGSD

@article{korneliussen_angsd:_2014,
	title = {{ANGSD}: Analysis of Next Generation Sequencing Data},
	volume = {15},
	copyright = {http://creativecommons.org/licenses/by/2.0/},
	issn = {1471-2105},
	shorttitle = {{ANGSD}},
	url = {http://www.biomedcentral.com/1471-2105/15/356/abstract},
	doi = {10.1186/s12859-014-0356-4},
	abstract = {High-throughput {DNA} sequencing technologies are generating vast amounts of data. Fast, flexible and memory efficient implementations are needed in order to facilitate analyses of thousands of samples simultaneously.},
	language = {en},
	number = {1},
	urldate = {2014-11-26},
	journal = {{BMC} Bioinformatics},
	author = {Korneliussen, Thorfinn S. and Albrechtsen, Anders and Nielsen, Rasmus},
	month = nov,
	year = {2014},
	pages = {356},
}

#### MAfft-parameters

@article{long2016determination,
  title={Determination of optimal parameters of MAFFT program based on BAliBASE3. 0 database},
  author={Long, HaiXia and Li, ManZhi and Fu, HaiYan},
  journal={SpringerPlus},
  volume={5},
  number={1},
  pages={1--9},
  year={2016},
  publisher={Springer}
}

##### TimAL

@article{capella2009trimal,
  title={trimAl: a tool for automated alignment trimming in large-scale phylogenetic analyses},
  author={Capella-Guti{\'e}rrez, Salvador and Silla-Mart{\'\i}nez, Jos{\'e} M and Gabald{\'o}n, Toni},
  journal={Bioinformatics},
  volume={25},
  number={15},
  pages={1972--1973},
  year={2009},
  publisher={Oxford University Press}
}

##### MPI

@manual{mpi40,
    author = "{Message Passing Interface Forum}",
    title  = "{MPI}: A Message-Passing Interface Standard Version 4.0",
    url    = "https://www.mpi-forum.org/docs/mpi-4.0/mpi40-report.pdf",
    year   = 2021,
    month  = jun
}


##### R

@article{team2013r,
  title={R: A language and environment for statistical computing},
  author={Team, R Core and others},
  year={2013},
  publisher={Vienna, Austria}
}

##### Python3 

@book{10.5555/1593511,
 author = {Van Rossum, Guido and Drake, Fred L.},
 title = {Python 3 Reference Manual},
 year = {2009},
 isbn = {1441412697},
 publisher = {CreateSpace},
 address = {Scotts Valley, CA}
}

#### Short Read

@article{morgan2009shortread,
  title={ShortRead: a bioconductor package for input, quality assessment and exploration of high-throughput sequence data},
  author={Morgan, Martin and Anders, Simon and Lawrence, Michael and Aboyoun, Patrick and Pages, Herv{\'e} and Gentleman, Robert},
  journal={Bioinformatics},
  volume={25},
  number={19},
  pages={2607--2608},
  year={2009},
  publisher={Oxford University Press}
}

##### PhyCLust

@phdthesis{chen2011overlapping,
  title={Overlapping codon model, phylogenetic clustering, and alternative partial expectation conditional maximization algorithm},
  author={Chen, Wei-Chen},
  year={2011},
  school={Iowa State University}
}
  
###### StringR

@Manual{STRINGRR,
  title = {stringr: Simple, Consistent Wrappers for Common String Operations},
  author = {Hadley Wickham},
  year = {2022},
  note = {http://stringr.tidyverse.org,
https://github.com/tidyverse/stringr},
}

####### Biopython

@article{cock2009biopython,
  title={Biopython: freely available Python tools for computational molecular biology and bioinformatics},
  author={Cock, Peter JA and Antao, Tiago and Chang, Jeffrey T and Chapman, Brad A and Cox, Cymon J and Dalke, Andrew and Friedberg, Iddo and Hamelryck, Thomas and Kauff, Frank and Wilczynski, Bartek and others},
  journal={Bioinformatics},
  volume={25},
  number={11},
  pages={1422--1423},
  year={2009},
  publisher={Oxford University Press}
}


###### Requests

@book{chandra2015python,
  title={Python requests essentials},
  author={Chandra, Rakesh Vidya and Varanasi, Bala Subrahmanyam},
  year={2015},
  publisher={Packt Publishing Ltd}
}


#### Python RE

@book{van1995python, 
  title={The Python Library Reference, release 3.8.2},
  author={Van Rossum, Guido}, 
  year={2020}, 
  publisher={Python Software Foundation} 
}


